@Comment Stanford TE (as of RTE3)

@inproceedings{MacCartney:2006,
 author = {MacCartney, Bill and Grenager, Trond and de Marneffe, Marie-Catherine and Cer, Daniel and Manning, Christopher D.},
 title = {Learning to Recognize Features of Valid Textual Entailments},
 booktitle = {Proceedings of the Main Conference on Human Language Technology Conference of the North American Chapter of the Association of Computational Linguistics},
 series = {HLT-NAACL '06},
 year = {2006},
 location = {New York, New York},
 pages = {41--48},
 numpages = {8},
 url = {http://dx.doi.org/10.3115/1220835.1220841},
 doi = {10.3115/1220835.1220841},
 acmid = {1220841},
 publisher = {Association for Computational Linguistics},
 address = {Stroudsburg, PA, USA},
} 

@Comment Iftene's system (as of RTE3)
@inproceedings{Iftene:2008,
 author = {Iftene, Adrian},
 title = {Building a Textual Entailment System for the RTE3 Competition. Application to a QA System},
 booktitle = {Proceedings of the 2008 10th International Symposium on Symbolic and Numeric Algorithms for Scientific Computing},
 series = {SYNASC '08},
 year = {2008},
 isbn = {978-0-7695-3523-4},
 pages = {116--122},
 numpages = {7},
 url = {http://dx.doi.org/10.1109/SYNASC.2008.73},
 doi = {10.1109/SYNASC.2008.73},
 acmid = {1608371},
 publisher = {IEEE Computer Society},
 address = {Washington, DC, USA},
 keywords = {Textual Entailment, Question Answering, Answer Validation Exercise},
} 

@Comment 7) EOP demo paper
@inproceedings{Magnini:2014,
  title={The excitement open platform for textual inferences},
  author={Magnini, Bernardo and Zanoli, Roberto and Dagan, Ido and Eichler, Kathrin and Neumann, G{\"u}nter and Noh, Tae-Gil and Pado, Sebastian and Stern, Asher and Levy, Omer},
  booktitle={ACL 2014 demo session},
  pages={43},
  year={2014}
}

@Comment 8) Software Engineering book, (Orthogonality)
@Comment (eh, let's skip it. Orthogonality doesn't sound so good)

@Comment 9) UIMA CAS reference 
@article{Ferrucci:2004, 
 author = {Ferrucci, David and Lally, Adam},
 title = {UIMA: An Architectural Approach to Unstructured Information Processing in the Corporate Research Environment},
 journal = {Nat. Lang. Eng.},
 issue_date = {September 2004},
 volume = {10},
 number = {3-4},
 month = sep,
 year = {2004},
 issn = {1351-3249},
 pages = {327--348},
 numpages = {22},
 url = {http://dx.doi.org/10.1017/S1351324904003523},
 doi = {10.1017/S1351324904003523},
 acmid = {1030325},
 publisher = {Cambridge University Press},
 address = {New York, NY, USA},
} 

@Comment 10)EOP and UIMA 
@inproceedings{Noh:2013,
  title={Using UIMA to Structure An Open Platform for Textual Entailment.},
  author={Noh, Tae-Gil and Pad{\'o}, Sebastian},
  booktitle={UIMA@ GSCL},
  pages={26--33},
  year={2013},
}

@Comment 11) DerivBase 
@inproceedings{zeller:2013,
  author = {Zeller, Britta and \v{S}najder, Jan and Pad{\'o}, Sebastian},
  title = {{DErivBase: Inducing and Evaluating a Derivational Morphology Resource for German}},
  booktitle = {{Proceedings of ACL 2013}},
  year = {2013},
  address = {Sofia, Bulgaria},
  pages = {1201--1211},
}

@Comment 12) Pivot translation (Paraphrase tables) 
@inproceedings{Bannard:2005,
  title={Paraphrasing with bilingual parallel corpora},
  author={Bannard, Colin and Callison-Burch, Chris},
  booktitle={Proceedings of the 43rd Annual Meeting on Association for Computational Linguistics},
  pages={597--604},
  year={2005},
  organization={Association for Computational Linguistics}
}

@Comment 13) and Meteor (paraphrase tables)
@InProceedings{meteor-wmt,
  author    = {Michael Denkowski and Alon Lavie},
  title     = {{Meteor 1.3: Automatic Metric for Reliable Optimization and Evaluation of Machine Translation Systems}},
  booktitle = {{Proceedings of the EMNLP 2011 Workshop on Statistical Machine Translation}},
  year      = {2011},
}

@Comment 14) RTE3
@inproceedings{rte3,
  title={The third pascal recognizing textual entailment challenge},
  author={Giampiccolo, Danilo and Magnini, Bernardo and Dagan, Ido and Dolan, Bill},
  booktitle={Proceedings of the ACL-PASCAL workshop on textual entailment and paraphrasing},
  pages={1--9},
  year={2007},
  organization={Association for Computational Linguistics}
}
@Comment 15) BIUTEE
@Comment if reference space remains .. 

@Comment 16) EDITS
@comment if some space remains ... 

@Comment 17) TIE
@Comment if some space remains ...

@Comment 18) Entailment Graph paper by Lili (NICE, ALMA data reference) 
@Comment Opps. I don't have it! ... and Lili didn't send me the bib yet! 

@Comment 19) Kathrin's *SEM paper (OMQ data reference)
@inproceedings{Eichler:2014,
  author = {Eichler, Kathrin and Gabryszak, Aleksandra and Neumann, G{\"u}nter},
  title = {An analysis of textual inference in German customer emails},
  booktitle = {Proceedings of the Third Joint Conference on Lexical and Computational Semantics},
  series = {{*SEM-14}},
  year = {2014},
  location = {Dublin, Ireland},
}


