

@inproceedings{harabagiu-hickl:2006:COLACL,
	Address = {Sydney, Australia},
	Author = {Harabagiu, Sanda and Hickl, Andrew},
	Booktitle = {Proceedings of the 21st International Conference on Computational Linguistics and 44th Annual Meeting of the Association for Computational Linguistics},
	Date-Modified = {2013-04-22 15:16:55 +0000},
	Pages = {905--912},
	Title = {Methods for Using Textual Entailment in Open-Domain Question Answering},
	Year = {2006},
	Bdsk-Url-1 = {http://www.aclweb.org/anthology/P06-1114},
	Bdsk-Url-2 = {http://dx.doi.org/10.3115/1220175.1220289}}


@book{RTE-book,
	Author = {Dagan, Ido and Roth, Dan and Sammons, Mark and Zanzotto, Fabio Massimo},
	Number = {17},
	Publisher = {Morgan \& Claypool},
	Series = {Synthesis Lectures on Human Language Technologies},
	Title = {{Recognizing Textual Entailment: Models and Applications}},
	Year = {2013},
	}

@inproceedings{maccartney-EtAl:2006:HLT-NAACL06-Main,
	Address = {New York City, USA},
	Author = {MacCartney, Bill and Grenager, Trond and de Marneffe, Marie-Catherine and Cer, Daniel and Manning, Christopher D},
	Booktitle = {Proceedings of the Human Language Technology Conference of the NAACL},
	Date-Modified = {2013-04-22 15:16:56 +0000},
	Pages = {41--48},
	Title = {{Learning to recognize features of valid textual entailments}},
	Year = {2006},
	Bdsk-Url-1 = {http://www.aclweb.org/anthology/N/N06/N06-1006}}


@inproceedings{MacCartney:EMNLP08,
	Address = {Honolulu, Hawaii},
	Author = {MacCartney, Bill and Galley, Michel and Manning, Christopher D},
	Booktitle = {Proceedings of the Conference on Empirical Methods in Natural Language Processing},
	Pages = {802--811},
	Title = {{A phrase-based alignment model for natural language inference}},
	Year = {2008}}


@inproceedings{dinu-wang:2009:EACL,
	Address = {Athens, Greece},
	Author = {Dinu, Georgiana and Wang, Rui},
	Booktitle = {Proceedings of the 12th Conference of the European Chapter of the ACL},
	Date-Modified = {2013-04-22 15:16:56 +0000},
	Pages = {211--219},
	Title = {Inference Rules and their Application to Recognizing Textual Entailment},
	Year = {2009}}

@article{d04:_uima,
	Author = {David Ferrucci and Adam Lally},
	Journal = {Natural Language Engineering},
	Number = {3--4},
	Pages = {327--348},
	Title = {{UIMA}: An architectural approach to unstructured information processing in the corporate research environment},
	Volume = 10,
	Year = 2004}


@inproceedings{Zeller:2013,
	Address = {Sofia, Bulgaria},
	Author = {Zeller, Britta and \v{S}najder, Jan and Pad\'{o}, Sebastian},
	Booktitle = {Proceedings of ACL},
	Date-Added = {2013-05-14 17:37:08 +0000},
        pages = {1201--1211},
	Date-Modified = {2013-05-14 17:39:07 +0000},
	Title = {{DErivBase}: Inducing and Evaluating a Derivational Morphology Resource for {G}erman},
	Year = {2013}}

@InProceedings{denkowski-lavie:2014:W14-33,
  author    = {Denkowski, Michael  and  Lavie, Alon},
  title     = {Meteor Universal: Language Specific Translation Evaluation for Any Target Language},
  booktitle = {Proceedings of the Ninth Workshop on Statistical Machine Translation},
  year      = {2014},
  address   = {Baltimore, MD},
  pages     = {376--380},
}


@inproceedings{giampiccolo07:_third_pascal_recog_textual_entail_chall,
	Address = {Prague, Czech Republic},
	Author = {Giampiccolo, Danilo and Magnini, Bernardo and Dagan, Ido and Dolan, Bill},
	Booktitle = {Proceedings of the {ACL-PASCAL Workshop on Textual Entailment and Paraphrasing}},
	Pages = {1--9},
	Title = {The third {PASCAL recognising textual entailment challenge}},
	Year = {2007}}

@inproceedings{bannard05:_parap_bilin_paral_corpor,
	Address = {Ann Arbor, MI},
	Author = {Bannard, Colin and Callison-Burch, Chris},
	Booktitle = {Proceedings of the 43rd Annual Meeting of the Association for Computational Linguistics},
	Date-Modified = {2013-04-22 15:15:01 +0000},
	Pages = {597--604},
	Title = {Paraphrasing with Bilingual Parallel Corpora},
	Year = {2005}}


@inproceedings{dagan04:_probab_textual_entail,
	Address = {Grenoble, France},
	Author = {Dagan, Ido and Glickman, Oren},
	Booktitle = {PASCAL workshop on Learning Methods for Text Understanding and Mining},
	Title = {Probabilistic Textual Entailment: Generic Applied Modeling of Language Variability},
	Year = {2004}}

@article{nielsen09:_recog_entail_in_intel_tutor_system,
	Author = {Nielsen, Rodney D and Ward, Wayne and Martin, James H},
	Date-Modified = {2013-04-22 15:16:53 +0000},
	Issn = {0036-8075},
	Journal = {Journal of Natural Language Engineering},
	Number = {4},
	Pages = {479--501},
	Pmid = {17746875},
	Title = {Recognizing Entailment in Intelligent Tutoring Systems},
	Volume = {15},
	Year = {2009}}

@book{SW-term,
	Address = {},
	Author = {}, 
	Publisher = {},
	Title = {(The Software Engineering book)}, 
	Year = 2013}


@article{Katz:1987, 
  title={Estimation of probabilities from sparse data for the language model component of a speech recognizer},
  author={Katz, Slava},
  journal={IEEE Transactions on Acoustics, Speech, and Signal Processing},
  volume={35},
  number={3},
  pages={400--401},
  year={1987},
  publisher={IEEE}
}


@article{berant2012learning,
	Author = {Berant, Jonathan and Dagan, Ido and Goldberger, Jacob},
	Date-Added = {2013-05-27 08:23:53 +0000},
	Date-Modified = {2013-05-27 08:23:53 +0000},
	Journal = {Computational Linguistics},
	Number = {1},
	Pages = {73--111},
	Publisher = {MIT Press},
	Title = {Learning entailment relations by global graph structure optimization},
	Volume = {38},
	Year = {2012}}

@article{EOP-arch, 
  author = 	 {Sebastian Pad\'o and Tae-Gil Noh and Asher Stern and 
                  Rui Wang and Roberto Zanoli},
  title = 	 {Design and Realization of a Modular Architecture for 
                  Textual Entailment},
  journal = 	 {Journal of Natural Language Engineering},
  year = 	 2015,
  volume = 21,
  number = 2,
  pages = {167--200}  
}

@inproceedings{Magnini:2014,
  title={The {EXCITEMENT} open platform for textual inferences},
  author={Magnini, Bernardo and Zanoli, Roberto and Dagan, Ido and Eichler, Kathrin and Neumann, G{\"u}nter and Noh, Tae-Gil and Pad\'o, Sebastian and Stern, Asher and Levy, Omer},
  booktitle={Proceedings of the ACL 2014 System Demonstrations},
    pages     = {43--48},
  address = {Baltimore, MD},
  year={2014}
}

@inproceedings{Eichler:2014,
  author = {Eichler, Kathrin and Gabryszak, Aleksandra and Neumann, G{\"u}nter},
  title = {An analysis of textual inference in {G}erman customer emails},
  booktitle = {Proceedings of the Third Joint Conference on Lexical and Computational Semantics},
  pages     = {69--74},
  year = {2014},
  address = {Dublin, Ireland},
}

@inproceedings{DKpro, 
	author = {Richard Eckart de Castilho and Iryna Gurevych},
	title = {A broad-coverage collection of portable {NLP} components for building shareable analysis pipelines},
	month = aug,
	year = {2014},
	address = {Dublin, Ireland},
	booktitle = {Proceedings of the Workshop on Open Infrastructures and Analysis Frameworks for HLT at COLING 2014},
	pages = {1--11},
	location = {Dublin, Ireland},
	language = {English},
	pubkey = {TUD-CS-2014-0864},
	research_area = {Ubiquitous Knowledge Processing},
	research_sub_area = {UKP_p_DKPro, UKP_s_DKPro_Core, UKP_a_LangTech4eHum, UKP_reviewed},
	Website = {http://aclanthology.info/papers/a-broad-coverage-collection-of-portable-nlp-components-for-building-shareable-analysis-pipelines},
	pdf = {aclweb.org/anthology/W14-5201 _blank},
}

@inproceedings{Stern:2012,
 author = {Stern, Asher and Dagan, Ido},
 title = {{BIUTEE}: A Modular Open-source System for Recognizing Textual Entailment},
 booktitle = {Proceedings of the ACL 2012 System Demonstrations},
 year = {2012},
 address = {Jeju Island, Korea},
 pages = {73--78},
} 

@inproceedings{Kouylekov:2010,
 author = {Kouylekov, Milen and Negri, Matteo},
 title = {An Open-source Package for Recognizing Textual Entailment},
 booktitle = {Proceedings of the ACL 2010 System Demonstrations},
 year = {2010},
 address = {Uppsala, Sweden},
 pages = {42--47},
 numpages = {6},
 url = {http://dl.acm.org/citation.cfm?id=1858933.1858941},
 acmid = {1858941},
} 

@inproceedings{Wang:2009, 
 author = {Wang, Rui and Zhang, Yi},
 title = {Recognizing Textual Relatedness with Predicate-argument Structures},
 booktitle = {Proceedings of the Conference on Empirical Methods in Natural Language Processing},
 year = {2009},
 isbn = {978-1-932432-62-6},
 address = {Singapore},
 pages = {784--792}} 
